@article{Celik2019,
author = {Çelik, Özer and Osmanoğlu, Usame},
year = {2019},
month = {05},
pages = {77-83},
title = {Prediction of the Prices of Second-Hand Cars},
doi = {10.31590/ejosat.542884)}
}

@article{Pudaruth2014,
author = {Pudaruth, Sameerchand},
year = {2014},
month = {01},
pages = {753-764},
title = {Predicting the Price of Used Cars using Machine Learning Techniques},
volume = {4},
journal = {International Journal of Information & Computation Technology}
}


@Article{Bukvić2022,
AUTHOR = {Bukvić, Lucija and Pašagić Škrinjar, Jasmina and Fratrović, Tomislav and Abramović, Borna},
TITLE = {Price Prediction and Classification of Used-Vehicles Using Supervised Machine Learning},
JOURNAL = {Sustainability},
VOLUME = {14},
YEAR = {2022},
NUMBER = {24},
ARTICLE-NUMBER = {17034},
URL = {https://www.mdpi.com/2071-1050/14/24/17034},
ISSN = {2071-1050},
DOI = {10.3390/su142417034}
}

@misc{yang2018ai,
      title={AI Blue Book: Vehicle Price Prediction using Visual Features}, 
      author={Richard R. Yang and Steven Chen and Edward Chou},
      year={2018},
      eprint={1803.11227},
      archivePrefix={arXiv},
      primaryClass={cs.CV}
}

@misc{huang2023dvmcar,
      title={DVM-CAR: A large-scale automotive dataset for visual marketing research and applications}, 
      author={Jingmin Huang and Bowei Chen and Lan Luo and Shigang Yue and Iadh Ounis},
      year={2023},
      eprint={2109.00881},
      archivePrefix={arXiv},
      primaryClass={cs.CV}
}

# concatenation approach
@article{Kwon2022,
author = {Kwon, Dohyun and Ahn, Jaemyung and Kim, Chang-Soo and Kang, Dong and Paeng, Jun-Young},
year = {2022},
month = {12},
pages = {},
title = {A deep learning model based on concatenation approach to predict the time to extract a mandibular third molar tooth},
volume = {22},
journal = {BMC Oral Health},
doi = {10.1186/s12903-022-02614-3}
}


@Article{electronics12244947,
AUTHOR = {Catruna, Andy and Betiu, Pavel and Tertes, Emanuel and Ghita, Vladimir and Radoi, Emilian and Mocanu, Irina and Dascalu, Mihai},
TITLE = {Car Full View Dataset: Fine-Grained Predictions of Car Orientation from Images},
JOURNAL = {Electronics},
VOLUME = {12},
YEAR = {2023},
NUMBER = {24},
ARTICLE-NUMBER = {4947},
URL = {https://www.mdpi.com/2079-9292/12/24/4947},
ISSN = {2079-9292},
DOI = {10.3390/electronics12244947}
}

@article{Karakoç2020,
author = {Karakoç, Mehmet and Celik, Gaffari and Varol, Asaf},
year = {2020},
month = {01},
pages = {44-48},
title = {Car Price Prediction Using An Artificial Neural Network}
}

@article{Wang2023,
author = {Wang, Xinkuang and Li, Wenjing and Wu, Zhongcheng},
year = {2023},
month = {07},
pages = {1-13},
title = {CarDD: A New Dataset for Vision-Based Car Damage Detection},
volume = {PP},
journal = {IEEE Transactions on Intelligent Transportation Systems},
doi = {10.1109/TITS.2023.3258480}
}


@article{Bilen2021,
author = {Bilen, Mehmet},
year = {2021},
month = {09},
pages = {29-43},
title = {Predicting Used Car Prices with Heuristic Algorithms and Creating a New Dataset},
volume = {6}
}

@article{Samruddhi2020,
author = {Samruddhi, K. and Kumar, R.},
year = {2020},
month = {09},
pages = {686-689},
title = {Used Car Price Prediction using K-Nearest Neighbor Based Model},
volume = {4},
journal = {International Journal of Innovative Research in Applied Sciences and Engineering},
doi = {10.29027/IJIRASE.v4.i3.2020.686-689}
}

@inproceedings{Jadon_2020,
   title={Unsupervised video summarization framework using keyframe extraction and video skimming},
   url={http://dx.doi.org/10.1109/ICCCA49541.2020.9250764},
   DOI={10.1109/iccca49541.2020.9250764},
   booktitle={2020 IEEE 5th International Conference on Computing Communication and Automation (ICCCA)},
   publisher={IEEE},
   author={Jadon, Shruti and Jasim, Mahmood},
   year={2020},
   month=oct }

@inproceedings{chen2017comparative,
  title={Comparative analysis of used car price evaluation models},
  author={Chen, Chuancan and Hao, Lulu and Xu, Cong},
  booktitle={AIP Conference Proceedings},
  volume={1839},
  number={1},
  year={2017},
  organization={AIP Publishing}
}


@article{Gajera2021,
author = {Gajera, Prashant, and Gondaliya, Akshay and Kavathiya, Jenish},
year = {2021},
month = {03},
pages = {284-290},
title = {OLD CAR PRICE PREDICTION WITH MACHINE LEARNING},
volume = {3},
journal = {International Research Journal of Modernization in Engineering Technology and Science}
}


@article{Friedman2001,
 author = {Jerome H. Friedman},
 journal = {The Annals of Statistics},
 number = {5},
 pages = {1189--1232},
 publisher = {Institute of Mathematical Statistics},
 title = {Greedy Function Approximation: A Gradient Boosting Machine},
 volume = {29},
 year = {2001}
}



@article{Chen2016,
  author       = {Tianqi Chen and
                  Carlos Guestrin},
  title        = {XGBoost: {A} Scalable Tree Boosting System},
  journal      = {CoRR},
  volume       = {abs/1603.02754},
  year         = {2016},
}

@article{Kaiming2016,
  author       = {Kaiming He, Xiangyu Zhang, Shaoqing Ren and Jian Sun},
  title        = {Identity Mappings in Deep Residual Networks.},
  year         = {2016},
}

@article{Krizhevsky2012,
  author       = {Alex Krizhevsky, Ilya Sutskever, Geoffrey E. Hinton.},
  title        = {ImageNet Classification with Deep Convolutional Neural Networks.},
  year         = {2012},
}

@article{Rosenblatt1958,
  author       = {Frank Rosenblatt},
  title        = {The perceptron: A probabilistic model for information storage and organization in the brain.},
  year         = {1958},
}

@article{Friedman2001,
 ISSN = {00905364},
 URL = {http://www.jstor.org/stable/2699986},
 author = {Jerome H. Friedman},
 journal = {The Annals of Statistics},
 number = {5},
 pages = {1189--1232},
 publisher = {Institute of Mathematical Statistics},
 title = {Greedy Function Approximation: A Gradient Boosting Machine},
 urldate = {2024-01-10},
 volume = {29},
 year = {2001}
}


@article{goldstein2014,
      title={Peeking Inside the Black Box: Visualizing Statistical Learning with Plots of Individual Conditional Expectation}, 
      author={Alex Goldstein and Adam Kapelner and Justin Bleich and Emil Pitkin},
      year={2014},
      eprint={1309.6392},
      archivePrefix={arXiv},
      primaryClass={stat.AP}
}

@book{molnar2023,
    author = {Molnar, Christopg},
    title = {Interpretable Machine Learning: A Guide for Making Black Box Models Explainable},
    publisher = {Creative Commons Attribution-NonCommercial-ShareAlike 4.0 International License},
    year = {2023}
}


@article{Zou2005,
 ISSN = {13697412, 14679868},
 URL = {http://www.jstor.org/stable/3647580},
 author = {Hui Zou and Trevor Hastie},
 journal = {Journal of the Royal Statistical Society. Series B (Statistical Methodology)},
 number = {2},
 pages = {301--320},
 publisher = {[Royal Statistical Society, Wiley]},
 title = {Regularization and Variable Selection via the Elastic Net},
 urldate = {2024-01-12},
 volume = {67},
 year = {2005}
}

@misc{lundberg2017unified,
      title={A Unified Approach to Interpreting Model Predictions}, 
      author={Scott Lundberg and Su-In Lee},
      year={2017},
      eprint={1705.07874},
      archivePrefix={arXiv},
      primaryClass={cs.AI}
}

@incollection{shapely1953,
  title = {A Value for n-Person Games},
  author = {Shapley, Lloyd S},
  booktitle = {Contributions to the Theory of Games II},
  editor = {Kuhn, Harold W. and Tucker, Albert W.},
  pages = {307--317},
  year = {1953},
  publisher = {Princeton University Press},
  address = {Princeton}
}

@incollection{Pearson1901,
  title = {On lines and planes of closest fit to systems of points in space.},
  author = {Pearson, K.},
  booktitle = {Philosophical Magazine},
  pages = {2:559-572},
  year = {1901}
}

@book{Molnar2022,
  title      = {Interpretable Machine Learning},
  author     = {Christoph Molnar},
  year       = {2022},
  subtitle   = {A Guide for Making Black Box Models Explainable},
  edition    = {2},
  url        = {https://christophm.github.io/interpretable-ml-book}
}

@article{flachaire2022,
      title={GAM(L)A: An econometric model for interpretable Machine Learning}, 
      author={Emmanuel Flachaire and Gilles Hacheme and Sullivan Hué and Sébastien Laurent},
      year={2022},
      eprint={2203.11691},
      archivePrefix={arXiv},
      primaryClass={stat.ML}
}

@article{Lolic2022,
title = {Economic Policy Uncertainty Index Meets Ensemble Learning},
journal = {Computational Economics},
volume = {60},
pages = {401–437},
year = {2022},
doi = {https://doi.org/10.1007/s10614-021-10153-2},
url = {https://link.springer.com/article/10.1007/s10614-021-10153-2#citeas},
author = {Ivana Lolić and Petar Sorić and Marija Logarušić},
}